@article{mtz1960,
  title={Integer programming formulation of traveling salesman problems},
  author={Miller, Clair E and Tucker, Albert W and Zemlin, Richard A},
  journal={Journal of the ACM (JACM)},
  volume={7},
  number={4},
  pages={326--329},
  year={1960},
  publisher={ACM}
},
@article{padberg1991,
  author = {Padberg, Manfred and Sung, Ting-Yi},
  year = {1991},
  month = {05},
  pages = {315-357},
  title = {Analytical comparison of different formulations of the travelling salesman problem},
  volume = {52},
  journal = {Math. Program.},
  doi = {10.1007/BF01582894}
}

